2417 3259
485 48 762 118 earum,
781 44 1093 129 quarum
1123 19 1244 98 hic
1261 15 1568 125 speciem
1582 22 1976 127 quamdam
2000 27 2338 122 exhibeo.

484 131 1065 238 Qatemaesunt
1088 193 1109 227 ,
1145 132 1558 214 Cardinales
1579 133 1757 212 sunt:
1798 134 1872 216 in
1889 139 2337 242 quibusom-

485 249 603 323 nis
622 247 895 324 honesti
925 245 1247 350 rectique
1269 246 1490 323 cardo
1511 246 1841 324 voluitur.
1900 249 2333 372 Agnoscisne

442 382 445 385 ’
493 387 610 436 eas
625 360 771 435 iam
794 361 1069 464 pridem
1088 359 1260 435 T1bi
1305 356 1719 464 plusquam
1701 388 1776 434 in
1794 360 2102 466 imagine
2126 366 2333 442 notis

496 471 736 548 simaS.
722 481 746 524 ³
809 472 1019 547 Cum
1052 469 1536 574 Gymnasium
1567 472 1983 550 litterarium
2016 476 2148 575 (de
2177 506 2329 583 quo

493 585 632 660 iam
663 584 872 681 ante)
906 612 1154 661 earum
1189 582 1445 660 tabulis
1485 582 2034 671 emblematicis,
2078 589 2325 692 amplis

492 721 707 802 atque
745 697 1026 801 egregie
1047 695 1360 799 depictis,
1380 700 1459 771 &
1489 697 1580 772 ad
1603 693 1957 800 specimen
1986 699 2325 777 doetrinae

490 812 569 882 &
599 808 684 883 ad
736 808 875 883 loci
918 806 1364 910 splendorem
1414 808 1659 886 instrui
1702 808 2077 914 quondam
2122 840 2322 890 cura-

492 947 683 1004 r,em
741 923 866 996 Tu
892 919 1379 996 Humanitatis
1401 947 1491 995 eo
1515 946 1837 1024 tempore
1858 920 2211 1009 alumnus,
2228 952 2323 1001 ex

489 1030 621 1107 illis
663 1059 826 1108 eam
868 1032 1355 1108 adornandam
1397 1028 1783 1135 suscepisti,
1826 1061 1988 1138 quae
2030 1034 2127 1111 ita
2177 1035 2319 1111 illic

487 1144 887 1221 etiamnum
924 1144 1278 1248 perdurat,
1297 1169 1379 1221 vt
1407 1141 1553 1220 fine
1593 1145 1907 1220 nominis
1946 1146 2051 1222 tui
2089 1175 2317 1224 recor-

486 1255 777 1332 datione
813 1253 1122 1360 conspici
1156 1282 1492 1361 nequeat,
1530 1260 1609 1332 &
1638 1256 1844 1333 cuius
1880 1255 2319 1335 lineamenta

486 1366 605 1444 hic
635 1367 1150 1475 q-uoque2cum
1174 1396 1333 1456 eam
1361 1367 1623 1452 iterum
1651 1367 1726 1443 in
1753 1365 1991 1472 effigie
2021 1394 2317 1447 contue-

490 1478 679 1575 bere,
699 1479 903 1557 facile
934 1481 1178 1556 animo
1197 1505 1579 1557 recurrent.
1597 1482 2072 1558 FORTITVDO
2089 1509 2170 1558 ea
2189 1482 2315 1573 est,

483 1591 683 1698 quasi
704 1593 855 1669 dux
873 1592 1224 1698 quaedam,
1249 1592 1405 1668 imo
1435 1591 1750 1669 medulla
1786 1617 2190 1670 ceterarum
2219 1619 2317 1670 at-

481 1731 624 1809 que
646 1701 1229 1780 firmamentum.
1288 1704 1636 1808 Equitum
1657 1703 1776 1778 illa
1793 1701 2015 1780 virtus
2034 1705 2316 1810 propria

483 1816 619 1917 est3
652 1841 734 1893 vt
770 1815 898 1893 abs
931 1840 1001 1892 te
1035 1814 1130 1892 fic
1163 1815 1542 1923 quondam
1581 1813 2005 1892 adumbrata
2035 1876 2058 1910 ,
2097 1843 2308 1893 *nouo

483 1927 656 2004 huic
702 1927 944 2004 decori
983 1927 1184 2005 velut
1230 1926 1531 2031 augurio
1578 1925 1904 2031 quodam
1951 1928 2102 2003 iam
2145 1952 2308 2005 tum

481 2038 849 2144 praelusiffe
885 2039 1191 2116 dicenda
1225 2038 1326 2114 fit.
1349 2040 1555 2132 Eam,
1575 2038 1783 2116 vti&
1812 2037 2136 2143 reliquas,
2154 2067 2308 2115 non

480 2148 633 2228 satis
662 2152 881 2229 habui
912 2178 1073 2229 tum
1104 2151 1345 2228 videre
1378 2148 1688 2254 depictas
1721 2148 2084 2227 coloribus
2105 2212 2127 2245 ,
2177 2150 2306 2227 nisi

480 2262 715 2367 postea
735 2292 1034 2371 quoque
1065 2290 1438 2341 cernerem
1462 2261 1576 2338 aeri
1608 2259 1865 2340 incissts.
1885 2262 2125 2366 Qod
2150 2262 2304 2368 qui-

478 2376 648 2453 dem
683 2404 772 2454 eo
807 2377 1053 2453 animo
1085 2373 1290 2453 effeci
1320 2399 1399 2453 vt
1435 2371 1643 2451 latius
1671 2372 2174 2479 spargerentur,
2196 2399 2301 2451 vt-

476 2486 624 2593 q'ue
654 2489 868 2565 etiam
894 2516 1169 2595 papyro
1199 2485 1536 2592 impreffae
1560 2511 2028 2591 perennarent
2050 2486 2298 2590 magiS,

473 2599 650 2679 cum
684 2599 796 2680 sua
815 2629 1114 2709 quoque
1140 2600 1397 2680 chartis
1415 2600 1759 2681 aeternitas
1781 2598 1887 2679 sit.
1929 2598 2150 2677 Redit
2175 2598 2297 2674 ita-

2151 2738 2295 2815 que
