2417 3259
761 107 763 109 .
1848 69 1920 120 19

86 139 223 214 ,vitat
245 155 374 201 tum
390 134 706 204 multatum
726 135 966 202 aliarum
985 158 1171 201 rerum
1190 158 1303 224 que
1317 134 1388 202 ad
1406 140 1588 204 vitam
1608 139 1906 224 pertinent.

87 227 323 289 Harum
358 248 540 288 rerum
574 223 821 289 duarum
854 223 1119 312 splendor
1143 229 1336 289 omnis
1368 235 1426 288 ὃς
1458 225 1786 312 amplitudo
1805 230 1906 312 est,

87 310 242 376 addo
264 315 435 375 etiam
457 309 760 378 Vtilitatem
780 366 798 393 ‚
823 318 888 375 in
910 313 1246 398 posteriore:
1274 312 1434 376 causa
1455 335 1648 376 autem
1684 325 1741 377 &
1764 322 1904 380 ratio

85 398 330 462 efficiens
350 422 595 485 magnos
619 404 772 464 viros
797 400 957 463 estin
980 404 1166 486 priore
1182 447 1195 460 .
1273 404 1341 462 In
1364 423 1432 463 eo
1455 403 1613 462 enim
1637 400 1716 463 est
1736 399 1903 484 illud,

84 488 249 573 quod
260 483 580 550 excellentes
604 493 828 550 animos
856 498 914 550 ὃ(
941 488 1198 550 humana
1217 494 1640 550 contemnentes
1664 489 1811 551 facit.
1834 491 1901 554 Id

84 593 278 640 autem
295 573 484 660 ipfinn
505 577 752 637 cernitur
778 578 842 636 in
865 572 1128 638 duobus:
1159 571 1199 637 fi
1221 584 1278 638 &
1299 572 1486 637 solum
1512 573 1569 638 id
1604 574 1766 660 quod
1791 575 1902 639 ho-

82 659 311 724 nestum
333 658 401 722 fit
417 658 649 724 bonum
665 661 881 724 iudices
902 695 916 739 3
950 672 1008 724 δε
1034 659 1109 725 ab
1131 667 1299 724 omni
1320 665 1503 724 animi
1524 658 1899 746 perturbatio-

81 743 310 811 neliber
327 744 417 810 fis·
437 751 604 812 Nam
625 755 684 812 δε
701 770 764 810 ea
782 772 910 834 quae
928 752 1138 811 eximia
1157 746 1435 833 plerisque
1454 759 1512 812 ὃς
1529 745 1790 833 praeclara
1810 754 1897 814 vi-

82 830 289 897 dentur
304 858 479 921 parua
502 834 724 915 ducere,
741 835 919 923 eacjue
945 839 1159 898 ratione
1183 832 1371 898 stabili
1391 832 1617 921 firm-liq3
1636 857 1900 901 contem-

80 940 232 1001 nere,
247 921 404 985 fortis
426 927 606 985 animi
625 922 886 1011 magnit&
912 920 1242 985 ducendum
1263 919 1344 984 fit.
1378 926 1449 985 Et
1469 947 1532 984 ea
1552 941 1679 1007 quae
1699 922 1901 987 viden-⁴

80 1025 174 1068 tur
192 1006 388 1072 acerba
402 1060 422 1088 ‚
442 1031 570 1094 quae
594 1006 782 1072 multa
804 1020 860 1071 δε
885 1013 1038 1072 varia
1056 1013 1116 1070 in
1137 1007 1453 1071 hominum
1476 1009 1591 1073 vita
1603 1008 1897 1096 fortunz'iq3

80 1094 389 1176 versantur,
418 1099 497 1157 ita
515 1095 649 1157 ferre
667 1117 729 1161 vt
744 1093 895 1158 nihil
922 1095 955 1159 a
987 1095 1131 1159 statu
1153 1116 1369 1158 naturae
1389 1094 1634 1158 discedas
1656 1147 1672 1173 ,
1694 1094 1838 1159 nihil
1860 1098 1896 1164 εὶ

78 1177 358 1266 dignitate
372 1181 656 1265 sapientiS,
678 1182 790 1245 hoc
808 1180 1028 1247 robusti
1050 1186 1227 1245 animi
1245 1183 1348 1262 est,
1371 1179 1710 1268 magnaetiue
1725 1186 1896 1247 Con-

77 1265 315 1331 stantiae.
343 1275 488 1332 Non
508 1269 586 1331 est
604 1292 791 1333 autem
817 1270 1278 1347 consentaneum,
1296 1273 1398 1354 qui
1418 1288 1575 1331 metu
1596 1292 1717 1330 non
1739 1270 1891 1334 fran-

75 1375 261 1440 gatur,
282 1379 415 1421 eum
439 1357 626 1442 ftangi
659 1355 980 1441 cupiditate3
1007 1379 1112 1418 nec
1132 1360 1233 1440 qui
1256 1359 1544 1419 inuictum
1568 1353 1619 1416 se
1641 1355 1671 1418 a
1691 1352 1890 1419 'labore

75 1444 410 1525 praestiterit,
428 1447 581 1508 vinci
600 1444 632 1507 εἰ
648 1443 959 1525 voluptate.
987 1441 1410 1530 Qamobrem
1433 1453 1491 1505 &
1519 1441 1639 1505 haec
1657 1443 1890 1508 vitanda

73 1526 288 1606 sunt,&
305 1534 556 1615 pecuniae
573 1529 843 1616 fugienda
865 1529 1158 1615 cupiditas.
1184 1527 1357 1593 Nihil
1372 1533 1527 1592 enim
1548 1527 1631 1592 est
1645 1550 1764 1592 tam
1784 1553 1890 1593 an-

74 1616 226 1700 gusti
248 1622 431 1680 animi
447 1617 679 1703 tamque
695 1620 853 1703 parui
878 1618 1058 1703 quam
1078 1640 1268 1679 amare
1288 1616 1530 1679 diuitias.
1582 1616 1756 1678 Nihil
1777 1615 1885 1681 ho-

73 1701 282 1766 nestius
307 1701 882 1790 magnificentiusq'ue
902 1702 1079 1787 quam
1113 1707 1414 1789 pecuniam
1439 1723 1817 1779 contemnere,
1839 1702 1885 1768 fi

68 1811 192 1852 non
222 1788 428 1854 habeas
450 1824 464 1869 3
497 1788 540 1854 fi
557 1788 795 1867 habeat,
821 1789 894 1853 ad
918 1786 1354 1853 beneficentiam
1378 1786 1768 1853 liberalitatem
1792 1787 1888 1855 'ue

67 1875 622 1940 conferre.Cauenda
643 1877 721 1942 est
737 1884 912 1941 etiam
932 1875 1127 1963 gloriae
1149 1877 1520 1961 cupiditas;e‘ri
1529 1881 1612 1962 pit
1626 1815 1881 1940 enimqli-

70 1961 370 2045 bertatem,
401 1989 503 2051 pro
523 1964 636 2051 quii
653 1968 1044 2051 magnanimis
1064 1969 1196 2030 viris
1217 1968 1410 2027 omnis
1425 1961 1601 2026 debet
1616 1963 1717 2026 effe
1738 1988 1878 2027 con-

68 2057 265 2114 tentio.
320 2056 448 2117 Nec
468 2050 602 2115 vero
620 2056 854 2138 imperia
875 2051 1181 2136 expetenda
1195 2102 1212 2128 ,
1249 2076 1313 2114 ac
1329 2047 1514 2137 potius
1533 2073 1765 2114 autnon
1785 2076 1877 2114 ac-

64 2137 327 2221 cipienda
343 2138 654 2218 interdum,
689 2158 783 2202 aut
803 2132 1137 2224 deponenda
1153 2155 1623 2224 nonnumquam.
1650 2141 1876 2202 Vacan*

65 2222 208 2287 dum
232 2248 425 2289 autem
449 2225 528 2289 est
550 2231 715 2290 omni
747 2230 926 2288 animi
953 2223 1390 2307 perturbatione,
1415 2246 1543 2287 tum
1567 2223 1871 2308 cupiditate

65 2321 126 2375 ὃς
159 2335 313 2375 metu
334 2366 351 2392 ,
384 2335 511 2375 tum
530 2318 701 2377 etiam
732 2311 1062 2399 aegritudine
1083 2323 1140 2377 ὃς
1159 2311 1452 2398 voluptate
1475 2315 1654 2373 animi
1679 2322 1736 2374 ὃς
1763 2316 1874 2374 ira.

63 2397 303 2477 cundia'i,
333 2421 396 2463 vt
424 2398 795 2486 tranquillitas
831 2396 972 2463 adfit
998 2409 1055 2462 δέ
1079 2395 1340 2462 securitas
1373 2423 1498 2485 quae
1523 2397 1718 2460 afferat
1740 2420 1867 2461 tum

62 2486 601 2566 constantiam,tum
626 2492 798 2550 etiam
822 2489 1179 2572 dignitatem.
1210 2489 1426 2566 [Lim]
1453 2491 1595 2548 Sunt
1614 2485 1746 2553 vero
1766 2489 1869 2569 qui

59 2574 121 2634 in
142 2570 302 2635 rebus
319 2576 604 2638 contrariis
631 2598 831 2658 parurn
852 2572 957 2638 fibi
980 2572 1257 2648 constent,
1279 2570 1694 2658 voluptatemss
1719 2571 1867 2633 seue-
1917 2583 1919 2585 ’

60 2658 271 2723 rissime
293 2666 751 2742 contemnant‚in
772 2659 975 2729 dolore
997 2658 1107 2724 sint
1123 2658 1434 2738 molliore55
1459 2659 1703 2808 glorian?
1727 2681 1868 2743 neg—

1220 2751 1274 2809 C
1324 2773 1355 2809 ι
1695 2748 1874 2833 igant,
