2417 3259
1846 46 1919 122 ις

86 171 187 214 nes
207 149 400 216 autem
414 150 836 217 conseetattioes
853 145 1183 238 voluptatis.
1215 148 1353 232 [Lib.
1364 153 1436 230 3'.]
1499 149 1696 219 Nobis
1712 173 1906 222 autem

89 237 224 301 cum
244 238 275 302 a*
297 239 495 304 natura
511 241 868 317 constantiae,
885 236 1317 317 moderationis,
1328 243 1745 323 temperantiae,
1758 265 1906 306 vere-

6 333 9 336 ’
89 325 312 389 cundiae
347 348 523 413 partes
557 325 700 390 data:
732 323 842 389 sint
862 378 880 406 ‚
925 322 1174 411 cumque
1202 326 1403 388 eadem
1438 345 1642 389 natura
1677 325 1897 404 docear,

84 412 592 498 quemadmodum
617 437 722 477 nos
755 410 1013 476 aduersus
1044 410 1314 475 homines
1347 433 1604 497 geramus
1624 445 1639 490 ·,
1660 411 1900 481 efficitur

84 520 149 563 vt
168 511 226 563 &
243 499 388 563 illud
410 501 576 587 quod
598 500 672 563 ad
688 523 930 563 omnem
948 498 1304 562 honestatem
1329 503 1562 584 pertinet
1600 497 1898 580 decorum,

82 587 262 672 quam
297 585 409 651 late
444 587 634 651 fusum
673 586 739 649 fit
770 607 1030 672 appareat
1054 639 1071 665 ‚
1108 598 1167 650 &
1203 583 1316 649 hoc
1346 584 1508 671 quod
1533 584 1814 670 spectatur
1838 596 1898 655 in

81 695 441 760 vnoquoque
464 698 663 760 genere
683 678 926 740 virtutis,
970 672 1189 759 [Libat]
1245 672 1343 736 Est
1373 676 1549 759 igitur
1582 670 1794 757 duplex
1810 682 1894 741 vis

78 764 418 824 animorum
452 783 622 848 atque
641 783 868 824 naturae.
898 766 1031 825 Vna
1058 783 1177 846 pars
1214 763 1274 822 in
1309 763 1562 845 appetitu
1585 758 1769 846 pofita
1790 763 1891 845 est,

76 869 205 933 quae
226 847 306 912 est
328 854 432 926 ὁρμὴ
457 849 668 925 Graece,
689 873 815 934 quse
837 846 1140 910 hominem
1162 846 1276 910 huc
1300 857 1358 909 &
1378 846 1516 909 illuc
1540 852 1703 932 rapit,
1723 847 1892 915 altera

72 936 133 996 in
153 933 548 1021 ratione‚quae'
565 934 733 998 docet
757 947 816 998 ὃς
838 932 1102 1020 explanat
1137 932 1278 1018 quid
1310 932 1636 997 faciendum
1666 935 1894 1020 fugien-

70 1017 278 1109 dumq3
300 1019 385 1086 sit.
416 1020 795 1087 Efficiendum
814 1042 1006 1083 autem
1032 1019 1114 1083 est
1138 1040 1202 1085 vt
1222 1023 1498 1105 appetitus
1523 1023 1726 1085 rationi
1748 1021 1890 1087 obe-

69 1106 252 1189 diant,
276 1107 519 1195 eamque
541 1132 728 1195 neque
754 1128 1116 1194 praecurrant,
1140 1126 1236 1169 aut
1260 1127 1488 1192 propter
1511 1113 1801 1192 pigritiam
1826 1121 1886 1176 ὃς
1928 1132 1930 1134 ’

68 1196 366 1279 ignauiam
395 1195 677 1274 deserant3
702 1194 920 1281 fintque
956 1192 1250 1278 tranquilli
1273 1215 1437 1280 atque
1469 1199 1637 1257 omni
1668 1217 1887 1279 pertur-
1958 1205 1962 1211 '

62 1277 299 1344 batione
327 1287 510 1345 animi
533 1278 755 1347 careant
774 1334 793 1362 ,
829 1306 896 1344 ex
914 1305 1035 1368 quo
1061 1278 1305 1344 elucebit
1323 1284 1517 1343 omnis
1561 1280 1886 1348 constantia

61 1367 361 1457 omnisque
384 1368 722 1433 moderatio.
759 1373 923 1432 Nam
947 1372 1050 1454 qui
1071 1370 1357 1452 appetitus
1381 1365 1608 1453 longius
1632 1391 1883 1454 euagan-

56 1473 167 1536 tur‚
208 1466 266 1519 &
293 1451 599 1543 tamquam
632 1455 942 1520 exultantes
976 1450 1093 1519 siue
1121 1452 1420 1540 cupiendo.
1450 1449 1881 1540 fine-*fugiendo

52 1562 175 1603 non
211 1544 338 1606 satis
373 1548 591 1608 ratione
623 1547 965 1619 retinentur,
993 1540 1056 1605 hi
1078 1538 1193 1606 fine
1211 1539 1398 1604 dubio
1430 1537 1614 1605 finem
1652 1551 1713 1605 &
1747 1565 1879 1607 mo·

55 1625 198 1691 dum
215 1626 519 1693 transeunt.
537 1628 897 1717 Relinquunt
914 1635 1070 1691 enim
1088 1638 1146 1691 δε
1162 1625 1442 1692 abiiciunt
1456 1624 1876 1710 obedientiam,

49 1735 156 1777 nec
189 1720 396 1780 rationi
423 1738 617 1802 parent
632 1768 654 1798 ,
679 1721 772 1780 cui
795 1712 905 1780 fint
934 1712 1177 1782 subiecti
1198 1713 1319 1802 lege
1351 1736 1584 1779 naturae:
1609 1712 1642 1778 a
1665 1711 1879 1799 quibus

47 1822 169 1864 non
193 1802 379 1866 modo
399 1808 580 1868 animi
601 1803 1021 1890 perturbantur,
1056 1799 1151 1865 sed
1168 1806 1343 1864 etiam
1363 1824 1619 1887 corpora.
1646 1801 1787 1881 [Lib.
1800 1807 1870 1884 1.]

44 1890 105 1949 Si
127 1894 256 1975 quis
277 1889 357 1956 est
376 1888 553 1976 paulo
573 1892 833 1970 erectior,
859 1893 1128 1976 quamuis
1146 1884 1443 1974 voluptate
1467 1890 1746 1974 capiatur,
1767 1914 1872 1953 oc-

40 1973 217 2041 cultat
232 1987 291 2041 &
316 1975 631 2041 distimulat
662 1979 981 2063 appetitum
1001 1974 1311 2061 voluptatis
1343 1996 1571 2061 propter
1593 1998 1868 2044 verecun-

41 2061 242 2126 diam:
287 2087 354 2127 ex
375 2088 497 2151 quo
524 2060 877 2151 intelligitur,
911 2066 1162 2146 corporis
1185 2060 1547 2149 voluptatem
1582 2085 1704 2125 non
1740 2062 1868 2127 satis

39 2149 144 2213 esse
178 2149 421 2237 dignam
443 2149 700 2215 hominis
721 2148 1039 2238 praestantia
1056 2198 1075 2227 ,
1105 2173 1230 2211 eam
1251 2146 1348 2211 'ue
1372 2154 1665 2212 contemni
1687 2173 1751 2213 ac
1782 2172 1867 2212 re-

38 2238 137 2300 iici
157 2260 434 2322 oportere.
472 2236 703 2325 [Lib.1.]
756 2241 956 2323 Itaque
976 2239 1164 2302 vistus
1186 2253 1251 2299 cu
1279 2233 1479 2324 rusque
1512 2239 1762 2320 corporis
1785 2236 1861 2301 ad

36 2320 432 2390 valetudinem
479 2324 788 2388 referantur
819 2334 879 2389 &
912 2320 985 2386 ad
1007 2325 1148 2388 vires
1166 2375 1186 2404 ‚
1221 2346 1344 2387 non
1378 2320 1452 2386 ad
1474 2321 1856 2407 voluptatem.

34 2411 234 2494 Atque
253 2418 428 2476 etiam
459 2409 502 2476 fi
538 2410 893 2474 considerare
926 2407 1201 2476 volumus
1225 2433 1352 2496 quae
1374 2406 1442 2472 fit
1467 2412 1523 2472 in
1546 2431 1679 2472 natu
1691 2408 1745 2471 ra
1766 2433 1862 2472 ex-

30 2494 293 2562 cellentia
312 2510 372 2564 &
395 2498 641 2585 dignitas
661 2549 680 2580 ,
717 2496 1105 2582 intelligemus
1125 2494 1306 2583 quam
1329 2493 1397 2558 fit
1417 2517 1579 2580 turpe
1599 2494 1859 2558 diffluere

27 2578 344 2666 luxuria,&
367 2585 607 2651 delicate
622 2609 687 2648 ac
712 2582 967 2650 molliter
988 2583 1498 2670 viuere3quamc'1ue
1521 2580 1855 2662 honestum,

24 2670 608 2758 parcessontinenter,
628 2670 811 2739 seuere
831 2668 1144 2760 sobrieque.
1183 2671 1414 2822 [ἕψῃ]
1470 2668 1735 2735 Maxime
1757 2674 1857 2730 au-

41 2783 46 2793 ‘
1736 2774 1872 2818 tem*
